@misc{CSIA-PME,
  author       = {CSIA-PME},
  howpublished = {\url{https://csia-pme.github.io/csia-pme/reference/service/#specifications}},
  title        = {Service Specification},
  year         = {2023}
}

@manual{CDC,
  author = {Petrucci, Andrea and Hofmann, Florian and Michaud, Thibaut and Pasquier, Benjamin},
  title  = {Cahier des charges},
}

@misc{Pysentimiento,
  author       = {Juan Manuel Pérez},
  howpublished = {\url{https://github.com/pysentimiento/pysentimiento}},
  title        = {Pysentimiento},
  year         = {2020}
}

@misc{wandb,
title = {Experiment Tracking with Weights \& Biases},
year = {2020},
note = {Software available from wandb.com},
url={https://www.wandb.com/},
author = {Biewald, Lukas},
}

@misc{prefect,
title = {Prefect},
year = {2020},
note = {Accédée en juin 2023},
url={https://www.prefect.io/},
author = {Jeremiah Lowin},
}

@misc{
fastapi,
author = {FastAPI},
title = {FastAPI Official Documentation},
year = {2023},
howpublished = {\url{https://fastapi.tiangolo.com}},
note = {Accédée en juin 2023}
}

@misc{stable-diffusion,
    title = {Stable Diffusion},
    author = {{Stability AI LTD}},
    year = {2023},
    howpublished = {\url{https://stability.ai/stablediffusion}},
    note = {Accédée en juin 2023}
}

@misc{dall-e,
    title = {DALL·E 2},
    author = {OpenAI},
    year = {2023},
    howpublished = {\url{https://openai.com/dall-e-2}},
    note = {Accédée en juin 2023}
}

@misc{midjourney,
    title = {Midjourney},
    author = {{Midjourney Inc.}},
    year = {2023},
    howpublished = {\url{https://www.midjourney.com/}},
    note = {Accédée en juin 2023}
}

@misc{diffusers,
  title={Diffusers},
  author={{Hugging Face}},
  year={2023},
  howpublished = {\url{https://huggingface.co/docs/diffusers/index/}},
}

@misc{compel,
  author = {Damian Stewart},
  title = {Compel},
  year = {2023},
  publisher = {GitHub},
  journal = {GitHub repository},
  howpublished = {\url{https://github.com/damian0815/compel}},
}

@InProceedings{stabilityai/stable-diffusion-2-base,
    author    = {Rombach, Robin and Blattmann, Andreas and Lorenz, Dominik and Esser, Patrick and Ommer, Bj\"orn},
    title     = {High-Resolution Image Synthesis With Latent Diffusion Models},
    booktitle = {Proceedings of the IEEE/CVF Conference on Computer Vision and Pattern Recognition (CVPR)},
    month     = {June},
    year      = {2022},
    pages     = {10684-10695}
}

@misc{prompthero/openjourney,
  title={Openjourney},
  author={PromptHero},
  year={2023},
  howpublished = {\url{https://huggingface.co/prompthero/openjourney/}},
}

@misc{civit-ai, 
title={CivitAI},
url={https://civitai.com/}, 
author={CivitAI},
journal={Civitai}
} 

@misc{git_dvc,
title = {MLOps | Versioning Datasets with Git & DVC},
author = {Amit Kulkarni},
year = {2021},
note={Accédée en juin 2023},
url={https://www.analyticsvidhya.com/blog/2021/06/mlops-versioning-datasets-with-git-dvc/}
}

@software{dvc,
  author       = {Ruslan Kuprieiev and
                  skshetry and
                  Peter Rowlands (변기호) and
                  Dmitry Petrov and
                  Paweł Redzyński and
                  Casper da Costa-Luis and
                  David de la Iglesia Castro and
                  Alexander Schepanovski and
                  Gao and
                  Ivan Shcheklein and
                  Batuhan Taskaya and
                  Jorge Orpinel and
                  Dave Berenbaum and
                  Fábio Santos and
                  daniele and
                  Ronan Lamy and
                  Aman Sharma and
                  Zhanibek Kaimuldenov and
                  Dani Hodovic and
                  Nikita Kodenko and
                  Andrew Grigorev and
                  Earl and
                  Nabanita Dash and
                  George Vyshnya and
                  maykulkarni and
                  Max Hora and
                  Vera and
                  Sanidhya Mangal},
  title        = {DVC: Data Version Control - Git for Data \& Models},
  month        = jun,
  year         = 2023,
  publisher    = {Zenodo},
  version      = {3.0.0a2},
  doi          = {10.5281/zenodo.8012487},
  url          = {https://doi.org/10.5281/zenodo.8012487}
}

@misc{openai_whisper,
        author = {OpenAI},
	title = {Introducing {Whisper}},
	url = {https://openai.com/research/whisper},
	abstract = {We’ve trained and are open-sourcing a neural net called Whisper that approaches human level robustness and accuracy on English speech recognition.},
	language = {en-US},
	urldate = {2023-06-08},
	file = {Snapshot:/Users/florian/Zotero/storage/UYJR9Q6Z/whisper.html:text/html},
}

@inproceedings{fma_dataset,
  title = {{FMA}: A Dataset for Music Analysis},
  author = {Defferrard, Micha\"el and Benzi, Kirell and Vandergheynst, Pierre and Bresson, Xavier},
  booktitle = {18th International Society for Music Information Retrieval Conference (ISMIR)},
  year = {2017},
  archiveprefix = {arXiv},
  eprint = {1612.01840},
  url = {https://arxiv.org/abs/1612.01840},
}

@misc{gtzan,
author    = "Tzanetakis, George and Essl, Georg and Cook, Perry",
title     = "Automatic Musical Genre Classification Of Audio Signals",
url       = "http://ismir2001.ismir.net/pdf/tzanetakis.pdf",
publisher = "The International Society for Music Information Retrieval",
year      = "2001"
}

@misc{wav2vec,
      title={wav2vec 2.0: A Framework for Self-Supervised Learning of Speech Representations}, 
      author={Alexei Baevski and Henry Zhou and Abdelrahman Mohamed and Michael Auli},
      year={2020},
      eprint={2006.11477},
      archivePrefix={arXiv},
      primaryClass={cs.CL}
}

@misc{cnn_tuto,
    title={Audio Deep Learning Made Simple: Sound Classification, Step-by-Step},
    author={Ketan Doshi},
    year={2021},
    url={https://towardsdatascience.com/audio-deep-learning-made-simple-sound-classification-step-by-step-cebc936bbe5}
}

@misc{devops,
title = {DevOps c’est quoi ? Définition DevOps},
author = {{QRP International}},
year = {2022},
note={Accédée en juin 2023},
url={https://www.qrpinternational.fr/blog/gestion-des-services-informatiques/devops-cest-quoi-definition-devops/}
}

@misc{k8s_gpu,
title = {Specify the use of GPU in deployment},
author = {iCoSys},
year = {2023},
note={Accédée en avril 2023},
url={https://clusterdoc.kube.isc.heia-fr.ch/gpu/specify-gpu-deployment/}
}
